
@article{jamon_ground-based_2008,
	title = {{Ground-Based} Researches on the Effects of Altered Gravity on Mice Development},
	volume = {21},
	issn = {0938-0108, 1875-0494},
	url = {http://www.springerlink.com/content/f2109u635k57707u/},
	doi = {10.1007/s12217-008-9098-0},
	abstract = {This chapter reviews some consequences of the exposure to an altered gravity environment on the development of small mammals. A point is made on the possible existence of several critical periods, and their interactions, in relation with the multiple points of application of the gravity influence on developing organisms, and the need to coordinate the researches on the various structures concerned. The European effort to integrate a multidisciplinary exploration, from the genes expression to the behavioural output, in a topical team is presented, and a new French centrifuge facility for mice is described. A second part reports the preliminary results of a study on the motor performance of ageing (9 months) mice exposed to Hypergravity (2 g), in the new French centrifuge, between the 10th to 31 postnatal day, a key period for motor development in mice. This study shows for the first time that a transient exposure to an hypergravity environment during the period of motor development in the mouse produced an irreversible modification of the motor function.},
	number = {4},
	journal = {Microgravity Science and Technology},
	author = {Jamon, Marc and Serradj, Najet},
	month = nov,
	year = {2008},
	keywords = {Mice, Hypergravity, Locomotion, Developmental biology, Critical period},
	pages = {327--337},
},

@article{zohdy_mapping_2012,
	title = {Mapping the social network: tracking lice in a wild primate {(Microcebus} rufus) population to infer social contacts and vector potential},
	volume = {12},
	copyright = {2012 Zohdy et al; licensee {BioMed} Central Ltd.},
	issn = {1472-6785},
	shorttitle = {Mapping the social network},
	url = {http://www.biomedcentral.com/1472-6785/12/4/abstract},
	doi = {10.1186/1472-6785-12-4},
	abstract = {Studies of host-parasite interactions have the potential to provide insights into the ecology of both organisms involved. We monitored the movement of sucking lice {(Lemurpediculus} verruculosus), parasites that require direct host-host contact to be transferred, in their host population of wild mouse lemurs {(Microcebus} rufus). These lemurs live in the rainforests of Madagascar, are small (40 g), arboreal, nocturnal, solitary foraging primates for which data on population-wide interactions are difficult to obtain. We developed a simple, cost effective method exploiting the intimate relationship between louse and lemur, whereby individual lice were marked, without removal from their host, with an individualized code, and tracked throughout the lemur population. We then tested the hypotheses that 1) the frequency of louse transfers, and thus interactions, would decrease with increasing distance between paired individual lemurs; 2) due to host polygynandry, social interactions and hence louse transfers would increase during the onset of the breeding season; and 3) individual mouse lemurs would vary in their contributions to the spread of lice.},
	number = {1},
	journal = {{BMC} Ecology},
	author = {Zohdy, Sarah and Kemp, Addison D. and Durden, Lance A. and Wright, Patricia C. and Jernvall, Jukka},
	month = mar,
	year = {2012},
	keywords = {Lice, Mouse lemur, Parasite, Primate, Social contact, Vector potential},
	pages = {4},
}

@article{godard_borreliose_2012,
	title = {La borréliose de Lyme : un risque sanitaire émergent dans les forêts franciliennes ?},
	copyright = {© {CNRS-UMR} Géographie-cités 8504},
	issn = {1278-3366},
	shorttitle = {La borréliose de Lyme},
	url = {http://cybergeo.revues.org/25285},
	doi = {10.4000/cybergeo.25285},
	abstract = {Largement répandue dans les régions tempérées de l’hémisphère nord, la borréliose de Lyme est la maladie à transmission vectorielle la plus fréquente sur l’ensemble de son aire de distribution. Depuis sa mise en évidence chez {l’Homme} en 1977, elle est considérée comme une maladie émergente, car son incidence a rapidement augmenté au cours des dernières décennies. En revenant préalablement sur la notion d’émergence, nous avons discuté du caractère émergent de cette affection. Il nous paraît alors difficile de vouloir généraliser l’émergence tant il existe une variété de situations et de contextes (géographique, biologique, socio-économique). Actuellement, la borréliose de Lyme semble poser une nouvelle problématique de santé publique dans les espaces fortement urbanisés, et ce, en raison d’une forte concentration humaine et de la capacité polarisante des grands massifs forestiers périurbains. Cette crainte d’une augmentation du risque, qui est en cours d’évaluation, est exprimée de façon importante en région {Île-de-France}, et en particulier autour de la forêt de Sénart. Une étape de l’anticipation du risque de borréliose de Lyme est alors conduite par la nécessité de prendre en considération les expositions et les facteurs de risque. Ainsi la mise en évidence de contacts entre les itinéraires de déplacement des usagers en forêt et les espaces et environnements dits à « risque » constitue de fait une voie privilégiée. L’intérêt étant de spatialiser ce contact et de réfléchir à comment minimiser le risque sur le plan paysager.},
	journal = {Cybergeo : European Journal of Geography},
	author = {Godard, Vincent and Méha, Christelle and Moulin, Bernard and Haddad, Hedi},
	month = apr,
	year = {2012},
	keywords = {borréliose de Lyme, émergence, forêt de Sénart, France, périurbain, risque sanitaire, vulnérabilité},
}

@misc{leveque_winsor_2012,
	title = {Winsor {McCay}, comics, films, rêves},
	url = {http://magasindesenfants.hypotheses.org/3109},
	journal = {Le magasin des enfants},
	author = {Lévêque, Mathilde},
	month = jul,
	year = {2012},
	keywords = {Expositions, Nous signalons...},
}
